@InProceedings{Niv:Hal:Kub:07,
  author = 	 {Joakim Nivre and Johan Hall and Sandra K{\"u}bler and Ryan McDonald and Jens Nilsson and Sebastian Riedel and Deniz Yuret},
  title = 	 {{C}o{NLL} 2007 {S}hared {T}ask on {D}ependency {P}arsing},
  booktitle =	 {Proceedings of the {CoNLL} {S}hared {T}ask Session of {EMNLP-CoNLL} 2007},
  pages =	 {915-932},
  address =      {Prague, Czech Republic},
  pages =	 {915-932},
  year =	 2007,
}

@InProceedings{Sur:Joh:Mey:08,
  author = 	 {Mihai Surdeanu and Richard Johansson and Adam Meyers and Llu{\'i}s M{\`a}rquez and Joakim Nivre},
  title = 	 {The {CoNLL}-2008 Shared Task on Joint Parsing of Syntactic and Semantic Dependencies},
  booktitle =	 {Proceedings of the 12th Conference on Computational Natural Language Learning ({C}o{NLL}-2008)},
  pages =	 {159-177},
  year =	 2008,
}

@InProceedings{Haj:Cia:Joh:09,
  author = 	 {Jan Haji\v{c} and Massimiliano Ciaramita and Richard Johansson
      and Daisuke Kawahara and Maria Ant{\`o}nia Mart{\'i} and alu{\'i}s
          M{\`a}rquez and Adam Meyers and Joakim Nivre and Sebastian Pad{\'o}
      and Jan {\v S}t{\v e}p\'anek and Pavel Stra{\u a}{\`a}k and Mihai Surdeanu and Nianwen Xue and Yi Zhang},
  title = 	 {The {CoNLL}-2009 Shared Task: Syntactic and Semantic Dependencies in Multiple Languages},
  booktitle =	 {Proceedings of the 13th Conference on Computational Natural Language Learning (CoNLL-2009)},
  pages =	 {1-18},
  year =	 2009,
  address = 	 {Boulder, Colorado, USA}
}


@InProceedings{Sol:2013,
  author = 	 {Solberg, Per Erik},
  title = 	 {Building gold-standard treebanks for Norwegian},
  booktitle = 	 {Proceedings of NODALIDA 2013},
  pages =        {459-464},
  year = 	 {2013},
  address = 	 {Oslo, Norway}}

@Book{Faa:Lie:Van:97,
  author = 	 {Faarlund, Jan Terje and Lie, Svein and Vannebo, Kjell Ivar},
  title = 	 {Norsk referansegrammatikk},
  publisher = 	 {Universitetsforlaget},
  address = 	 {Oslo, Norway},
  year = 	 {1997}}


@inproceedings{Skj:Ovr:12,
  author = {Skj{\ae}rholt, Arne and {\O}vrelid, Lilja},
  booktitle = {Proceedings of the 11th international workshop on treebanks and linguistic theories},
  editor = {Hendrickx, Iris and K\"{u}bler, Sandra and Simov, Kiril},
  pages = {187--198},
  publisher = {Edi\c{c}\~{o}es Colibri},
  title = {Impact of treebank characteristics on cross-lingual parser adaptation},
  year = {2012}
}



@Techreport{Kin:Sol:Eri:2013,
  author = 	 {Kinn, Kari and Eriksen, Pål Kristian and Solberg, Per Erik},
  year = 	 2013,
  title = 	 {Retningslinjer for morfologisk og syntaktisk annotasjon i Språkbankens gullkorpus},
  institution = 	 {National Library of Norway},
  url = 	 {http://www.nb.no/English/ Collection-and-Services/ Spraakbanken/Available-resources/ Text-Resources}}

@InProceedings{Paj:Ste:09,
  author = 	 {Pajas, Petr and {\v S}t{\v e}p\'anek, Jan},
  title = 	 {System for Querying Syntactically Annotated Corpora},
  booktitle = 	 {Proceedings of the {ACL-IJCNLP} 2009 Software Demonstrations},
  year = 	 2009,
  pages =	 {33--36},
  address = 	 {Suntec, Singapore}}

@InProceedings{Niv:Nil:Hal:2006,
  author = 	 {Nivre, Joakim and Nilsson, Jens and Hall, Johan},
  title = 	 {Talbanken05: A Swedish Treebank with Phrase Structure and Dependency Annotation},
  booktitle ={Proceedings of the Fifth International Conference on Language Resources and Evaluation ({LREC})},
  year = 	 2006,
  address = 	 {Genoa, Italy}}

@InProceedings{Paj:Ste:08,
  author = 	 {Pajas, Petr and {\v S}t{\v e}p\'anek, Jan},
  title = 	 {Recent Advances in a Feature-rich Framework for Treebank Annotation},
  booktitle = 	 {Proceedings of the 22nd International Conference on Computational Linguistics (Coling 2008)},
  year = 	 2008,
  pages =	 {673--680},
  address = 	 {Manchester, UK}}

@article{Mar:San:Mar:93,
author = {Marcus, Mitchell P. and Santorini, Beatrice and Marcinkiewicz, Mary Ann},
file = {:home/arnskj/Documents/Mendeley Desktop/Marcus, Santorini, Marcinkiewicz/Computational Linguistics/Marcus, Santorini, Marcinkiewicz - 1993 - Building a large annotated corpus of English The Penn Treebank.pdf:pdf},
journal = {Computational Linguistics},
number = {2},
pages = {313--330},
title = {{Building a large annotated corpus of English: The Penn Treebank}},
volume = {19},
year = {1993}
}



@inbook{Johannessen:etal:12,
  title={{OBT}+stat: A combined rule-based and statistical tagger},
  author={Johannessen, Janne Bondi and Hagen, Kristin and Lynum, Andr{\'e} and N{\o}klestad, Anders},
  booktitle={Exploring Newspaper Language: Using the Web to Create and Investigate a Large Corpus of Modern Norwegian},
  volume={49},
  pages={51},
  year={2012},
  address={Amsterdam, the Netherlands},
  publisher={John Benjamins}
}

@InProceedings{Hag:Joh:Nok:00,
  author = 	 {Hagen, Kristin and Johannessen, Janne Bondi and N{\o}klestad, Anders},
  title = 	 {A Constraint-based Tagger for Norwegian},
  booktitle =	 {17th Scandinavian Conference in Linguistics},
  pages =	 {31--48},
  year =	 2000,
  address = 	 {Odense, Denmark}
}


@InProceedings{Mar:Man:08,
  author = 	 {Marneffe, Catherine de and Manning, Christopher de},
  title = 	 {The {S}tanford typed dependencies representation},
  booktitle =	 {Proceedings of the {C}oling 2008 Workshop on Cross-Framework and Cross-Domain Parser Evaluation},
  pages =	 {1--8},
  year =	 2008,
  address = 	 {Manchester, UK}
}

@inproceedings{Skjaerholt:14,
    author = {Skj{\ae}rholt, Arne},
    booktitle = {Proceedings of the 52nd Annual Meeting of the Association for
        Computational Linguistics},
    publisher = {Association for Computational Linguistics},
    title = {{A chance-corrected measure of inter-annotator agreement for
        syntax}},
    year = {2014}
}

@inproceedings{Sch:Abe:Rap:12,
  author = {Schwartz, Roy  and  Abend, Omri  and  Rappoport, Ari},
  title = {Learnability-based Syntactic Annotation Design},
  booktitle = {Proceedings of the {I}nternational {C}onference on {C}omputational {L}inguistics {COLING}},
  year = 2012,
  address   = {Mumbai, India}
}

@InProceedings{Boh:10,
  author = 	 {Bernd Bohnet},
  title = 	 {Very High Accuracy and Fast Dependency Parsing is not a Contradiction},
  booktitle = {Proceedings of the {I}nternational {C}onference on {C}omputational {L}inguistics {COLING}},
  year = 	 2010,
  address = 	 {Beijing, China}
}

@InProceedings{Pop:Mar:Ste:13,
  author    = {Popel, Martin  and  Mare\v{c}ek, David  and  \v{S}t\v{e}p\'{a}nek, Jan  and  Zeman, Daniel  and  \v{Z}abokrtsk\'{y}, Zden\v{e}k},
  title     = {Coordination {S}tructures in {D}ependency {T}reebanks},
  booktitle = {Proceedings of the 51st Meeting of the {A}ssociation for {C}omputational {L}inguistics},
  year      = 2013,
  address   = {Sofia, Bulgaria},
  pages     = {517--527},
}



